1773 2749
132 530 317 578 DESCRIPTIO
328 494 457 575 'CODICIS
471 527 539 573 SYR.
557 523 710 572 VATICANI
726 523 777 569 ΧΠ,

315 680 453 721 AUCTORE
471 679 597 718 ADLERO.

150 1064 204 1101 Codex
213 1062 346 1112 Evangeliornm
355 1060 440 1112 Syriacus,
451 1060 543 1098 Vaticanus
553 1071 597 1096 xil.
606 1060 648 1105 anni
658 1071 758 1108 nxrvrlrr.

108 1166 326 1235 ANTIQJISSIMUS
340 1183 426 1222 versionis
442 1183 517 1233 Syriacae
531 1181 596 1225 codex,
611 1189 690 1230 quatuor
703 1182 804 1232 Evangelia

107 1268 208 1310 continens,
226 1263 329 1303 Dioscoridi
342 1263 446 1307 Viennenfi,
464 1263 640 1313 VirgilioRotnano
653 1263 683 1301 vel
696 1263 804 1301 Florentino

107 1348 249 1399 aequiparandus,
259 1348 339 1384 servatur
348 1347 414 1384 Romae
422 1347 441 1383 in
450 1345 564 1383 Bibliotheca
573 1347 668 1391 Vaticana,
675 1346 723 1384 inter
732 1346 803 1384 codices

108 1432 188 1481 Syriacos
198 1431 297 1466 Vaticanos
306 1427 430 1472 duodecimus,
440 1428 548 1465 Affemtno²
556 1430 653 1466 Nittiensrs
661 1430 737 1480 primus.
761 1430 802 1466 De-

107 1511 188 1548 scribitur
202 1510 220 1545 in
233 1507 352 1545 Bibliothecae
361 1508 469 1557 Apostolicae
479 1509 571 1545 Vaticanae
581 1510 676 1560 Catalogo,
686 1522 696 1546 a
709 1508 800 1559 Stephano

107 1593 179 1630 Evodio
188 1591 285 1628 Afl'emtno
295 1589 350 1633 edito,
360 1591 409 1627 Part.
419 1591 434 1627 Ι.
444 1598 489 1627 torn.
498 1590 517 1626 ii.
527 1603 568 1641 pag.
579 1569 603 1641 ἡ
613 1590 669 1641 seqq.b

133 1675 201 1711 Forma
214 1673 279 1710 codicis
293 1673 319 1709 est
331 1679 400 1722 quarta,
410 1685 450 1722 quae
459 1671 531 1715 dicitur,
540 1672 571 1709 sed
579 1672 653 1722 majoris
661 1672 738 1716 moduli,
747 1686 801 1723 quam

107 1758 131 1795 ob
140 1770 180 1794 rem
188 1755 210 1793 ab
220 1754 318 1792 Affemano
327 1753 365 1791 folii
375 1754 441 1804 integri
450 1753 485 1791 effe
494 1762 573 1804 putatur,
601 1754 675 1792 Litterae
684 1755 759 1804 Syriacae
767 1769 800 1793 an-

126 1897 131 1909 ²
141 1891 197 1932 ‹Iosephi
205 1890 263 1921 Simonii
269 1890 342 1931 Affemaoi
349 1889 419 1921 biblioth.
426 1890 496 1921 orientnl.
504 1895 542 1921 torn.
547 1891 558 1920 i.
566 1900 602 1931 pag.
608 1892 644 1930 561.
652 1892 663 1921 s.

126 1945 133 1964 b
143 1941 242 1972 Bibliothecae
249 1941 340 1980 Apostolioae
346 1941 424 1972 Vaticanae
432 1941 501 1972 codicum
508 1941 645 1981 manuscriptorum
651 1942 734 1983 catalogus,
742 1943 758 1973 in
765 1944 802 1974 duas

105 1999 155 2035 partes
166 1993 257 2030 distributus,
265 1991 280 2021 in
290 2001 353 2032 quarum
363 1992 412 2032 prima
421 1992 510 2030 Orientzrles5
519 1992 534 2022 in
542 1992 589 2023 altera
601 1993 657 2031 Graeci,
665 1993 680 2024 in
689 1995 734 2025 tertio
744 1995 800 2032 Latini,

106 2045 161 2083 Italici,
169 2045 263 2085 aliorumque
269 2043 377 2083 Europaeornm
385 2042 475 2073 idiomatum
482 2043 542 2074 codices
550 2043 598 2085 steph.
606 2045 655 2075 Eeod.
662 2044 746 2086 Affimanur
752 2051 768 2076 et
775 2047 801 2076 Jo-

100 2099 142 2139 seph,
151 2097 203 2127 Simon.
211 2096 294 2136 Affinranus
301 2094 412 2125 recensuerunt,
433 2094 491 2124 Prodiit
500 2105 534 2135 pars
541 2096 552 2126 i.
563 2095 580 2125 in
591 2102 621 2126 tres
631 2102 681 2128 tomos
693 2097 739 2128 divisa
749 2098 801 2135 Romae

106 2149 151 2188 1756.
159 2148 203 2187 1758.
210 2154 249 2188 1759
256 2146 282 2176 fol.
293 2146 366 2187 Exempla
373 2145 403 2175 fere
410 2145 462 2175 omnia
468 2145 539 2177 incendio
545 2147 595 2177 deleta
602 2148 641 2186 sunt,
647 2150 744 2189 quomobrem
751 2158 801 2189 neque

105 2199 168 2238 reliquae
175 2203 225 2238 partes
231 2198 301 2239 edontur.
323 2196 394 2228 Rrriffirni
404 2196 439 2227 libri
449 2198 535 2239 exemplum
543 2199 618 2231 conservat
625 2200 718 2231 bibliotheca
724 2200 799 2232 Univerfi-

105 2250 140 2280 tatis
147 2248 239 2280 Hafnienfis.

441 2314 475 2340 02
