1773 2749
128 207 137 243 8
357 208 587 248 PRAEFATto

128 332 148 360 et
155 323 259 373 linguarum
271 323 390 362 orientalium
398 324 519 374 peritissimus,
530 327 562 375 qui
570 323 618 362 hanc
626 322 745 362 tralationem·
750 326 776 363 ait
783 326 818 363 esse

131 412 143 428 “
153 404 309 446 Philoxenianam,
320 417 331 440 a
345 403 418 441 Thoma
430 405 546 443 Heracleenfi
555 407 681 445 recensitam.’¹
704 394 818 445 certamini

129 486 193 525 certius
202 486 227 522 est
236 486 312 521 MStum
318 484 367 522 huuc
374 499 411 522 non
418 486 527 524 Tralationis
536 487 679 531 Philonenianae,
688 489 718 527 sed
727 488 817 526 Versronic
851 477 860 491 ⁵

129 568 177 605 illius
183 567 237 616 longe
243 566 356 616 antiquioris,
363 567 571 620 vulgodiclaedirrrplicis,
578 579 647 620 partem
652 555 752 606 continere.
765 570 818 606 AEta-

130 658 167 686 tem
176 647 229 697 hujus
238 648 288 685 MSti
294 649 383 698 attingere
390 648 475 691 saeculum
482 650 597 694 semmel
605 659 655 688 certe
663 650 768 701 septimum,
778 662 819 699 per-

129 731 197 767 suasum
206 728 273 767 habeo:
284 730 334 780 quod
340 732 421 768 recreari
426 731 475 768 secus
484 731 533 769 mihi
540 732 656 782 persuaserim
663 731 770 769 is.sacillime
777 729 818 780 dig-

130 812 198 855 noscet,
210 812 241 862 qui
256 812 311 848 modo
327 812 420 861 specimen
432 812 504 850 Codicis
517 813 602 850 Vaticani
613 813 645 849 xii.
660 825 707 849 curn
717 811 819 862 Specirnine

129 893 223 935 Bodleiani
232 893 290 931 nostri.
294 893 398 932 contulerit.

155 975 243 1010 Codicem
251 974 362 1009 Vaticanum
370 972 401 1009 xii.
411 973 520 1010 doctiffimus
527 975 612 1017 Adlerua
619 974 661 1011 satis
669 976 729 1010 firmis⁴
735 974 820 1010 inductus

129 1054 234 1097 radonibua
245 1066 294 1091 anno
308 1053 385 1090 Domini
398 1054 444 1103 548³
457 1055 550 1098 attribute
565 1064 583 1092 et
596 1056 683 1106 quoniam
696 1055 788 1092 character
802 1062 820 1090 et

130 1136 197 1187 species
209 1135 247 1184 ejus
260 1136 354 1184 nostrique
361 1136 433 1173 Codicis
446 1130 515 1172 habent
527 1137 627 1172 maximam
636 1137 684 1173 inter
692 1136 710 1171 se
718 1134 820 1172 similitudi-

131 1230 180 1258 nem,
190 1223 231 1252 aetas
240 1213 321 1264 proludio
330 1215 404 1252 alterius¹
411 1214 459 1252 haud
467 1217 547 1252 multum
556 1215 644 1253 abaltero
653 1215 734 1252 distabat.

156 1299 260 1349 Antiquum
274 1296 310 1334 hoc
324 1296 464 1334 Christianarum
479 1298 582 1335 Literarum
596 1296 820 1334 monumentnmssrbtio-

131 1381 184 1419 theca
192 1379 290 1419 Bodleiana
299 1387 397 1429 acceptum
406 1379 560 1416 retulit-Hemico
570 1379 666 1423 Dawkins,
676 1379 780 1428 Armigero.
803 1379 820 1414 Is

130 1472 167 1500 erat
176 1475 200 1499 ex
209 1474 284 1498 numero
293 1473 358 1497 eorum
367 1460 398 1510 qui
407 1460 540 1509 quinquaginta
551 1459 609 1496 ferme
620 1458 687 1496 abhinc
698 1460 748 1496 annis
759 1461 793 1496 iter
801 1461 821 1496 in

131 1542 211 1580 Orientis
224 1548 283 1590 partes
296 1538 418 1581 instituerunt,
428 1547 446 1574 et
457 1540 527 1588 amplos
539 1540 581 1576 inde
590 1541 736 1591 peregrinationis
746 1541 821 1578 literatae

131 1625 199 1663 fruetus
209 1623 284 1659 domum
293 1628 435 1669 reportaverunt,
441 1630 543 1657 accuratam
552 1621 619 1657 scilicet
627 1620 769 1671 graphicamque
779 1622 821 1658 Pal-

132 1717 188 1754 myrae
197 1711 215 1739 et
223 1701 345 1751 Hierapoleus
352 1701 469 1750 reliquiarum
478 1701 618 1739 delineationem
625 1715 645 1740 ac
653 1703 743 1740 notitiam.

157 1787 206 1822 Inter
219 1783 299 1833 ejusdem
310 1783 351 1819 Viri
363 1781 439 1831 >carpiani
451 1785 540 1834 reperitur
553 1792 572 1820 et
583 1784 629 1822 alter
641 1785 681 1821 MS.
691 1785 779 1835 SyriacuS,
787 1785 820 1822 N⁰.

133 1880 184 1905 xxvr
190 1880 204 1903 1.
218 1879 273 1915 quem
287 1863 418 1902 conferendum
427 1865 501 1915 suscepi,
511 1874 581 1915 partem
590 1865 732 1916 Evangeliorum
740 1864 766 1901 ex}
773 1867 820 1901 Ver„

132 1949 179 1985 sione
188 1946 270 1996 Simplici
278 1948 380 1991 continens,
388 1947 501 1996 antiquitate,
509 1956 598 1997 quantum
607 1946 653 1983 mihi
662 1946 752 1995 conjicere
762 1946 821 1989 licuit,

132 2031 173 2067 satis
182 2029 337 2067 commendabilis,
360 2030 415 2066 Hunc
429 2042 471 2066 vero
486 2030 576 2066 Codicem
587 2028 605 2065 in
615 2028 725 2077 catalogum
733 2028 785 2066 suum
794 2027 821 2065 his

134 2111 192 2149 verbis
202 2111 263 2147 retulit
272 2112 301 2147 Cl¹
311 2112 357 2146 Uri:
372 2116 384 2132 “
391 2112 458 2147 Dana
468 2111 525 2149 xxvii.
536 2110 600 2146 Codex
612 2109 760 2146 membranaceus
768 2122 821 2159 mag-

151 2238 156 2251 ²
166 2232 206 2263 Vide
216 2241 249 2271 quae
258 2230 276 2260 ad
288 2230 344 2261 calcem
354 2229 400 2271 hujus
408 2230 500 2261 Praefationis
510 2230 557 2261 uisum
568 2230 588 2259 est
597 2229 669 2270 subjicere
677 2240 697 2260 ex
704 2229 760 2260 Adlero
766 2228 786 2259 de
793 2229 822 2259 hoo

132 2285 167 2314 Μὸ.
173 2281 247 2314 subtiliter
254 2286 270 2311 et
277 2281 335 2311 erudite
343 2280 425 2319 disserente,
432 2280 448 2310 in
456 2280 494 2315 aaa.
503 2281 561 2320 Testem.
572 2281 614 2321 Verffi
622 2281 653 2322 Syr.
661 2290 736 2322 p.3-10.
