1773 2749
307 220 538 289 PRAEFATIO.
746 258 768 297 17

74 369 148 407 interim
155 369 279 420 praetereunda
285 377 347 413 erunt,
354 369 367 406 fi
374 381 415 419 quae
423 367 483 405 minus
493 367 542 403 reste
551 365 568 402 se
578 363 647 401 habent
656 363 674 399 in
682 364 767 400 Versione

73 452 114 488 sua:
126 459 147 487 ut
156 450 175 487 in
182 449 249 488 Matth.
258 463 297 500 cap.
304 451 330 488 iii.
340 464 357 500 3,
366 463 434 487 nomen
442 449 529 499 singulare
540 452 607 501 {eme
618 445 698 482 redditur
707 445 769 496 plura—

72 532 121 576 liter,
126 532 212 582 pilorum:
225 533 244 569 in
254 545 291 582 cap.
301 547 319 569 x.
332 544 362 580 14.
371 531 411 569 haec
420 530 481 573 verba,
492 531 556 584 {M
571 534 606 586 K>0
618 540 627 563 e
637 525 688 572 domo,
698 528 717 566 in
727 541 767 565 ver-

71 613 119 651 fione
128 615 248 652 omittuntur:
264 614 346 664 cap-xii.
356 625 385 662 50.
396 625 429 662 pro
438 618 494 648 autem
502 610 576 660 ponitur
585 610 639 645 enim:
653 622 697 645 nam
707 623 737 668 τῃ
748 611 767 646 in

71 697 145 746 Syriaco
153 697 226 746 legitur.
626 678 628 682 Δ

92 777 243 821 'Animadvertet‚
251 777 312 821 credo,
322 777 395 821 Leecor,
403 776 442 814 haec
451 776 519 818 omnia,
530 788 571 826 quae
580 787 628 812 nunc
637 775 695 818 attuli,
705 787 766 812 rerum

70 860 219 909 corrigendarum
227 859 318 910 exempla,
324 872 348 896 ex
355 872 391 897 uno
400 867 478 902 tantum,
486 856 573 896 Matthaei
582 858 670 895 nimirum
679 857 765 908 Evange-

70 940 95 977 lio
104 941 200 991 desumpta
209 941 255 985 effe;
270 954 349 990 quorum
363 941 408 978 adeo
419 953 524 983 numerum,
534 940 547 977 fi
556 940 641 983 libuisset,
651 941 670 976 in
678 948 764 990 promptu

70 1029 108 1057 erat
116 1021 218 1072 adaugere:
233 1022 263 1058 sed
275 1021 315 1059 haec
329 1022 369 1059 satis
382 1021 417 1059 effe
431 1022 514 1059 existimo
528 1021 551 1058 ad
564 1021 616 1065 illud,
626 1021 676 1072 quod
687 1021 763 1064 institui

69 1102 183 1152 probandum
192 1103 214 1140 de
224 1103 287 1142 Textu
296 1104 374 1155 Syriaco.

95 1184 138 1231 Jam
147 1196 197 1228 vero,
207 1185 294 1234 quoniam
304 1184 327 1221 ad
339 1175 445 1222 Editionem
454 1197 521 1223 novam
530 1184 611 1235 apprime
620 1181 703 1221 conferet
712 1183 764 1221 MSS.

70 1271 155 1301 veterum
167 1273 250 1302 accurata
263 1264 350 1309 Collatio,
364 1278 423 1316 neque
437 1267 493 1311 enim‚
507 1266 543 1303 fine
556 1266 631 1303 illorum
644 1279 677 1316 ope
691 1265 765 1303 omnino

69 1346 136 1395 corrigi
144 1346 218 1394 poterit,
227 1346 273 1396 Ipse,
282 1347 295 1383 fi
309 1347 365 1385 modo
378 1339 427 1397 quod
440 1348 460 1384 in
473 1347 509 1385 hoc
519 1346 606 1397 opusculo
614 1346 657 1390 feci,
666 1346 765 1400 probatum

68 1424 130 1468 fuerit,
139 1435 157 1463 et
164 1427 198 1463 viri
207 1427 255 1462 docti
264 1434 282 1462 et
291 1426 374 1464 liberales
383 1427 407 1463 ita
417 1427 479 1470 velint,
487 1419 552 1477 praesto
561 1427 601 1463 sum
610 1427 632 1471 ad
640 1427 764 1463 collationem

68 1505 145 1544 eandem
158 1518 191 1557 per
203 1505 259 1543 libros
272 1507 339 1544 veteris
353 1514 372 1543 et
384 1507 436 1545 Novi
449 1507 564 1546 Testamenti
576 1508 653 1559 reliquos
662 1507 762 1545 conficien-

69 1586 116 1624 dam.
