1773 2749
333 233 563 277 eumancio.
636 208 638 211 ’
785 253 797 290 9

102 364 115 380 “
125 368 168 392 nam
184 362 222 405 prae
238 353 255 390 se
270 353 330 391 ferens
344 355 478 405 antiquitatem,
492 355 534 393 folia
550 368 584 406 131
600 355 683 405 implens.
707 355 793 394 Continet

100 444 113 461 “
124 447 236 484 anruok
247 436 397 481 Evaunuara,
404 437 460 474 literis
468 438 587 482 Nestorianis,
594 437 650 487 iisque
660 437 793 488 elegantissimis

100 527 112 542 “
122 526 201 562 exarata,
211 518 266 555 titulis
277 518 384 563 lectionum,
395 528 413 556 et
425 520 505 569 capitum
514 518 631 569 argumentis,
641 519 726 556 carentia.
754 519 791 556 lni-

98 608 111 623 “
121 601 166 638 tium
176 601 198 638 fit
207 601 308 638 Murra.
318 600 355 636 viii.
365 600 409 637 16.”

123 682 229 719 Amborum
241 681 308 719 horum
319 681 424 724 Mstorum,
434 695 455 718 ac
466 681 538 719 Codicis
551 683 635 720 Vaticani
646 682 677 720 xii.
690 682 791 732 specimina,

97 763 174 800 Tabulae
183 777 223 814 quae
232 763 358 812 subjiciuntur,
368 763 397 800 aeri
406 763 472 806 incisa,
482 762 602 802 exhibebunt,

122 844 245 882 Bar-Hebraei
258 857 311 895 opus,
324 853 390 894 praeter
399 846 557 883 Commentarium
571 844 664 896 ἓξηγητικὶν,
677 845 792 884 animadver-

96 927 153 964 fiones
165 910 283 976 philologicos
298 925 373 964 exhibet
386 927 526 977 quamplurimas
538 928 558 966 in
572 928 655 964 Textum
664 927 764 977 Syriacum,
773 936 793 964 et

95 1010 114 1045 in
123 1008 211 1044 variantes
221 1007 302 1055 ejusdem
316 1008 419 1044 Lectiones.
443 1008 508 1057 Operis
521 1007 597 1057 hujusce
608 1008 667 1045 codex
676 1009 789 1059 manuscrip-

95 1100 130 1133 tus,
140 1101 197 1139 quem
209 1101 240 1138 per
252 1087 352 1138 Evangelia
366 1096 442 1138 quatuor
453 1088 585 1125 conferendum
593 1089 663 1131 curavi,
673 1088 691 1125 in
701 1088 790 1138 Catalogo

94 1161 192 1208 Librorum
201 1170 255 1207 MSS.
264 1168 405 1206 Bodleianorum
413 1169 438 1205 ita
448 1168 560 1207 describitur,

141 1258 155 1276 “
167 1263 289 1290 Lrauouunr
306 1262 431 1289 saeuorum
448 1262 611 1289 INTERPRETES
628 1262 652 1288 ru
669 1262 744 1288 norro.

399 1338 413 1356 “
421 1332 483 1370 XXV.

119 1421 132 1438 “
142 1415 206 1452 Codex
221 1414 348 1464 bombycinus,
361 1414 410 1450 mole
421 1413 488 1457 insana,
498 1412 628 1462 pulcherrime,
637 1414 674 1450 fine
683 1414 726 1450 anni
734 1426 787 1450 men-

93 1503 106 1520 “
116 1496 171 1538 tione,
178 1502 265 1538 exaratus,
273 1494 328 1541 foliis,
335 1493 448 1543 quadruplici
456 1492 540 1530 columna
547 1492 641 1536 distinctil,
650 1493 686 1542 318
697 1493 786 1538 constans,

92 1585 106 1602 “
115 1578 148 1615 ubi
156 1576 272 1613 continetur:

92 1667 104 1683 ‘³
113 1662 128 1698 Ι.
143 1660 262 1697 Guuoouri
280 1659 449 1701 Bau-Hennam,
463 1657 544 1694 Orientis
557 1655 669 1707 Maphriani,
682 1658 702 1694 in
716 1658 787 1695 Sacram

91 1742 226 1793 “Scripturam
242 1740 381 1783 emmenum,
397 1740 484 1776 nimirum
500 1740 519 1775 in
537 1738 689 1782 Pentateuchum‚
706 1739 786 1787 Josuam,

91 1831 105 1847 “
114 1824 195 1873 Judices,
210 1823 321 1865 Samuelem,
334 1821 422 1863 Psalmo&
436 1822 503 1871 Reges,
518 1820 622 1863 Proverbia,
634 1820 786 1865 Ecctefiasticum

91 1913 104 1929 “
113 1905 244 1948 Ecclefiastem,
261 1905 337 1942 Cantica
351 1905 475 1947 Canticorum,
489 1902 605 1952 Sapientiam,
620 1901 696 1950 Jobum,
712 1902 784 1947 lsaiam,

26 1998 28 2004 ’
90 1995 103 2012 “
113 1988 211 2026 duodecim
224 1985 330 2037 Prophetae
340 1986 447 2034 Jeremiam,
456 1982 583 2026 Ezechielem,
593 1983 698 2029 Danielem,
708 1993 785 2034 quatuor

90 2076 103 2093 “
112 2070 219 2120 Evangelia,
234 2070 279 2106 Acta
291 2067 429 2119 Apostolorum,
443 2064 532 2116 Epistolas
546 2065 617 2115 Jacobi,
631 2066 687 2110 Petri,
701 2067 783 2115 Joannis,

89 2158 103 2173 “
112 2150 171 2193 Pauli,
190 2150 260 2188 titulo:
279 2151 396 2187 Horarum
416 2147 598 2184 Musuuarouuu.
628 2147 680 2197 Opus
697 2146 740 2185 folia
757 2159 782 2198 74

88 2239 102 2256 “
112 2231 186 2269 efficit.''

114 2313 192 2353 Proferri
206 2313 260 2351 etiam
273 2313 328 2365 digna
340 2313 381 2351 sunt
396 2325 437 2363 quae
448 2311 470 2349 de
483 2310 519 2348 hoc
529 2312 589 2362 Opere
598 2308 717 2348 Bar-Hebraei
725 2308 781 2348 habet
844 2364 846 2367 Α

424 2386 435 2411 Β
