1773 2749
97 210 121 235 20
314 199 545 239 DESCRIPTIO
593 196 595 198 V

96 314 159 364 tiquae‚
174 314 231 366 vulgo
245 304 375 382 llsslibml
390 317 510 367 Estrangelo³;
523 317 563 354 duae
577 317 667 354 columnae
682 317 701 354 in
717 316 790 368 singulis

96 398 182 448 paginis5
195 397 301 434 membrana
310 396 367 434 fortis.
390 398 411 434 In
425 399 460 435 oris
473 397 540 435 codicis
554 398 612 435 multa
620 412 666 449 aqua
675 400 715 436 sunt
724 398 789 442 deleta,

97 480 190 518 interdum
203 478 226 516 ad
240 478 334 516 dimidiam
348 479 404 530 usque
416 481 505 530 paginam
511 497 516 523 ;
534 480 592 517 codex
607 481 658 519 enim
671 494 714 519 curn
726 481 789 518 ceteris
820 486 821 489 ’

97 560 218 598 Nitriensrbus
232 560 293 598 mense
305 560 355 610 julio
369 562 412 598 anni
426 573 527 599 muccvrt
541 562 588 600 Nilo
601 561 701 599 submersus
713 561 789 599 humore

97 643 143 680 adeo
159 642 194 680 fuit
209 641 292 686 infestus,
306 651 327 679 ut
339 642 361 679 de
376 642 481 680 admiranda
493 644 596 681 litterarum
608 645 701 681 venustate
715 644 789 694 vestigia

97 732 170 762 tantum
178 732 281 776 appareant.
302 724 403 775 Qodlibet
410 726 534 776 Evangelium
543 727 561 764 in
570 739 623 776 parva
633 727 693 777 capita
701 726 731 763 vel
740 727 788 777 peri-

97 822 152 860 copas
164 809 257 853 dividitur,
266 800 344 859 quarum
357 809 456 847 Matthaeus
469 808 526 849 habet
537 809 581 857 426,
591 808 666 846 Marcus
677 820 722 857 290,
731 808 790 845 Lucas

97 904 143 941 432,
153 893 232 942 Joannes
242 904 276 942 271
286 906 291 929 t
306 892 379 942 singulae
391 905 438 929 nova
451 892 499 928 linea
513 891 608 941 incipiunt.
635 890 696 927 Tituli
704 890 790 940 Evange-

95 973 162 1010 liorurn
169 972 239 1009 duobus
247 972 306 1009 verbis
314 973 436 1017 continentur,
446 985 463 1009 e<
471 985 488 1008 c.
499 975 570 1030 „Meg
579 974 716 1037 χοὸψἙωζ
727 973 790 1007 Evan-

94 1054 156 1104 gelz'um
165 1054 251 1091 Matttaei
257 1072 263 1099 5
277 1056 296 1092 in
308 1053 430 1106 hypographis
443 1062 506 1091 autem
517 1066 568 1091 more
580 1053 633 1091 solito
644 1052 727 1098 refertur,
736 1054 788 1091 Mtt-

96 1134 140 1174 tbaei
148 1136 270 1186 Evangelium
279 1135 370 1174 Hebraice
378 1136 466 1187 scripturn
476 1136 510 1173 effe
519 1136 538 1173 in
547 1136 647 1179 Palaestina,
655 1136 716 1173 Marci
724 1137 789 1173 Latine

98 1218 170 1261 Romae,
179 1217 236 1254 Lucae
244 1218 309 1253 Graece
319 1217 440 1260 Alexandriae,
450 1224 468 1254 et
478 1219 551 1266 Joannis
560 1218 624 1255 eadem
633 1218 697 1269 lingua
705 1217 780 1267 Ephesi.

124 1301 185 1337 Variae
193 1300 260 1336 codicis
269 1298 371 1349 epigraphae
382 1299 477 1336 laudantur
485 1299 508 1336 ab
517 1298 620 1342 Affemano,
630 1299 660 1336 sed
669 1311 713 1335 curn
722 1307 761 1336 aetas
771 1308 789 1336 et

47 1428 49 1432 r
97 1381 171 1418 historia
180 1381 246 1419 codicis
256 1380 321 1417 exiliis
330 1381 449 1431 intelligatur,
459 1382 558 1432 praecipuas
568 1380 600 1417 hic
613 1390 720 1430 repetemus.
744 1382 788 1431 Spe-

95 1465 162 1501 cimina
175 1476 237 1500 earum
250 1476 284 1500 aere
297 1462 351 1508 incisa
364 1462 439 1500 exhibet
453 1462 514 1500 tabula
527 1463 585 1499 nostra
594 1463 610 1499 Ι.
620 1463 686 1512 quibus
698 1464 789 1512 specimen

95 1553 198 1586 contextus,
207 1543 299 1580 diversum
310 1544 333 1579 ab
346 1556 375 1585 eo,
385 1543 435 1592 quod
442 1542 558 1579 vBlanchinus
570 1543 620 1579 dedit
629 1543 648 1578 in
661 1543 788 1593 Evangeliario

96 1625 210 1678 quadruplici
225 1634 270 1662 torn.
283 1625 296 1661 i.
312 1638 330 1675 p.
343 1636 386 1673 541,
397 1636 440 1673 542.
457 1624 579 1674 praemisimus,
591 1615 594 1621 ⁴
607 1624 629 1660 In
645 1624 681 1660 fine
696 1625 790 1675 Evangelii

97 1709 175 1758 Joaunei
186 1708 267 1757 primum
280 1706 318 1743 haec
331 1707 385 1743 verba
396 1706 488 1757 leguntur,
498 1706 559 1743 iisdem
573 1705 713 1749 charadleribun
723 1706 788 1757 quibus

97 1799 200 1833 contextus,
214 1789 244 1826 sed
258 1788 314 1825 minio
327 1796 405 1832 exarata,
419 1789 437 1824 in
453 1789 489 1825 ima
502 1789 578 1838 pagina:
597 1787 706 1827 ababa&
723 1792 788 1847 μὴ

89 1908 90 1911 ’
117 1911 122 1923 “
133 1904 196 1940 Volunt,
203 1905 225 1934 ita
231 1903 316 1934 nominatas
323 1903 364 1934 fnisse
372 1915 381 1933 a
388 1904 442 1933 Graeco
449 1907 521 1944 quassum
528 1903 600 1933 rotmarus.
617 1903 647 1933 Sed
654 1914 687 1934 cum
694 1903 757 1933 mininie
764 1913 789 1933 ro-

94 1956 144 1991 tunda
151 1956 168 1985 sit
174 1954 207 1984 baec
213 1954 296 1984 litterarum
303 1954 357 1992 forma>
365 1965 420 1985 nornen
427 1956 478 1995 potius
486 1956 554 1987 Arnbicae
562 1956 625 1996 originis
635 1955 663 1984 effe
671 1955 741 1991 arbitror,
749 1955 789 1994 quod

96 2007 130 2047 Syri
138 2006 203 2047 primum
210 2005 305 2035 carscbunice
314 2006 335 2045 (h,
341 2017 354 2036 e.
362 2007 427 2037 Arabice
434 2007 488 2038 litteris
495 2007 565 2048 Syriacis)
572 2007 653 2037 scribentes
661 2005 756 2046 usurpabant,
762 1996 789 2037 de-

96 2058 132 2089 inde
139 2057 199 2087 civitate
207 2057 288 2094 donabant,
296 2061 346 2086 ortum
353 2068 361 2087 e
368 2058 454 2100 μήπω,
461 2059 536 2101 scriptura,
544 2064 559 2088 et
566 2057 620 2096 >ispi
628 2057 674 2097 angis,
682 2057 788 2098 Evangelium,

96 2116 114 2140 ut
125 2110 142 2139 fit
149 2108 223 2149 scriptura
235 2107 320 2148 Evangelii)
331 2108 346 2137 h.
354 2119 367 2138 e,
379 2108 449 2151 scriptura
460 2110 547 2152 majuscula,
554 2120 585 2150 qua
593 2109 609 2139 in
617 2109 699 2139 scribendis
709 2109 789 2150 Evangelii

96 2160 169 2200 exemplis
176 2160 263 2195 utebantur,
271 2159 336 2199 opposta
341 2159 428 2191 minusculis
435 2168 450 2191 et
455 2161 571 2193 volubilioribus
579 2160 639 2198 litteris,
647 2171 681 2201 quae
689 2160 742 2192 eodem
749 2166 788 2192 tem-

95 2223 131 2252 pore
138 2211 154 2242 in
162 2210 209 2251 rnlgo
216 2210 270 2240 usitata
276 2215 313 2240 erat.
