1773 2749
318 239 546 278 annuntio.
764 247 776 286 7

87 366 100 384 ‘²
108 359 160 396 fimat
171 370 204 395 nec
213 355 266 394 facile
275 355 313 406 quis
322 356 340 393 se
349 357 451 393 exercuerit
458 357 477 393 in
484 368 545 407 opere,
552 354 600 404 quod
609 354 665 404 magis
674 352 697 389 ad
706 353 774 390 Literss

86 440 163 477 “sacras
174 438 299 489 intelligendas
308 438 390 476 conferre
400 438 484 489 poffit³.''

110 521 146 558 His
159 517 215 572 igitur
228 521 250 558 de
262 521 324 563 caulis,
334 529 352 558 et
365 520 413 557 hisce
426 520 569 556 docliffimorurn
578 517 674 555 hominum
683 516 775 554 sententiis

64 617 66 619 ·
85 604 209 647 confirmatus,
217 616 258 654 ego,
266 612 285 639 ut
295 601 353 652 (quod
361 602 431 650 semper
438 602 457 637 in
467 601 521 637 corde
530 597 594 649 habui)
603 599 705 636 divinarum
712 600 775 635 'rerum

83 685 152 728 studiis,
161 697 194 734 pro
206 696 248 720 meo
260 683 342 725 modulo,
352 694 445 719 exercerer
450 700 457 725 3
470 681 531 732 paucis
546 681 612 717 abhinc
625 680 682 723 annis,
692 680 736 717 dnm
744 693 775 730 per

83 766 154 814 aliquot
165 765 235 802 menses
250 765 318 801 Oxonii
331 776 411 815 agerem,
426 771 495 799 memet
509 762 531 799 ad
543 762 580 799 hoc
593 774 637 811 opus
650 762 731 799 accinxi:
749 770 774 805 et,

83 845 155 896 sumpta
164 846 254 883 Versronis
264 845 338 896 Syriacae
347 845 432 882 Editione
444 844 539 881 noviffinra
547 857 604 894 quam
613 842 704 881 Schaafius
713 844 774 887 edidit,

83 926 134 963 illam
143 939 186 963 cum
195 925 248 963 MSS.
258 927 337 976 antiquis
347 926 422 969 duobus,
432 927 451 962 in
461 926 509 963 Bibl.
518 925 615 964 Bodleiana
625 925 720 969 asservatis,
729 925 774 963 item

82 1021 125 1044 curn
134 1008 253 1044 Bar-Hebraei
264 1009 284 1044 in
295 1010 377 1044 Textum
387 1007 479 1055 Syriacum
489 1006 626 1048 commentaria,
636 1006 733 1055 diligenter
741 1020 773 1055 per

82 1087 182 1137 Evangelia
195 1088 269 1124 contuli.
294 1088 371 1125 Codices
384 1100 439 1138 porro
452 1087 508 1129 MSti,
518 1099 564 1137 quos
577 1086 695 1123 conferendos
710 1087 771 1138 selegi,

82 1169 196 1218 designantur
208 1168 244 1206 hoc
257 1169 318 1213 modo,
331 1167 413 1206 anic.
423 1169 447 1211 iii,
457 1168 511 1205 xxvii.
534 1168 567 1203 Est
580 1175 642 1204 autern
654 1169 703 1218 prior
715 1169 771 1217 specie

82 1249 151 1287 vetusta
163 1250 241 1301 insignis,
256 1257 274 1286 et
285 1249 359 1298 quidem
372 1249 482 1299 antiquitatis
496 1249 571 1286 summae
584 1257 634 1286 notas
649 1263 685 1300 prae
700 1250 717 1287 sc
732 1249 772 1288 fert.

82 1331 195 1368 Recensetur
203 1331 217 1368 is
226 1332 245 1367 in
254 1330 342 1380 Catalogo
354 1331 424 1367 Uriano
432 1336 479 1366 :-“
488 1331 554 1368 Dasalc.
565 1331 588 1369 iii.
603 1331 667 1369 Codex
679 1332 772 1370 membra-

82 1419 94 1434 “
103 1425 176 1456 naceus,
185 1412 268 1461 utrinque
276 1425 311 1461 prae
317 1412 404 1449 vetustate
414 1412 496 1455 mutilus,
504 1412 607 1450 charactere
616 1413 730 1464 estranghelo
739 1428 772 1452 ex-

81 1500 94 1516 “
103 1501 167 1535 aratus,
174 1492 228 1535 foliis,
237 1491 305 1541 duplici
311 1491 396 1527 columna
402 1491 481 1540 digestis,
491 1492 525 1541 178
534 1492 621 1529 constans.
632 1494 771 1543 ‘CompleClitur

81 1581 94 1596 “
104 1584 283 1610 SACRo-SANCTA
295 1582 407 1618 Qanruon
418 1571 568 1616 Evaunum,
576 1554 694 1611 distributam
701 1576 772 1612 Lectio-

81 1661 94 1677 “
103 1667 142 1697 nes,
155 1653 220 1703 quibus
233 1652 321 1702 Jacobitae
334 1665 366 1702 per
377 1653 419 1689 anni
432 1651 521 1689 circulum
535 1654 554 1689 in
569 1654 653 1692 Ecclefiis
667 1656 692 1692 uti
708 1656 770 1694 solent.

80 1743 93 1758 ‘¹
103 1735 192 1772 Confests
198 1734 222 1771 ad
228 1734 297 1771 calcem
303 1734 415 1784 fingulorum
421 1733 509 1770 foliorum
515 1735 541 1771 est
548 1735 649 1773 Harmonia
657 1721 771 1788 Euangeliou,

80 1823 92 1838 “
101 1816 162 1867 pofitis
171 1816 251 1865 primum
264 1814 389 1864 Evangelistae,
400 1815 451 1863 cujus
458 1814 489 1851 ,ibi
502 1816 623 1866 Evangelium
634 1818 708 1868 legitur,
717 1821 771 1857 versi-

79 1905 92 1920 “
101 1897 153 1940 culis,
160 1895 224 1933 deinde
233 1896 317 1932 indicatis
326 1896 403 1933 aliorum
412 1896 576 1947 Evangelistarum,
584 1899 602 1935 in
611 1900 674 1949 quibus
684 1913 728 1937 cum
737 1901 770 1939 illis

79 1986 92 2002 “
101 1977 219 2019 concordant,
227 1976 276 2013 locis.
292 1975 373 2013 Tralatio
381 1976 407 2013 est
414 1976 549 2022 Philoxeniana,
556 1992 566 2015 a
575 1980 649 2018 Tlroma
656 1982 771 2021 Heracleenfi

79 2066 91 2082 ‘¹
100 2059 191 2098 recensita.
207 2057 282 2094 initium
291 2056 311 2094 fit
320 2057 421 2094 Maean.
430 2059 468 2095 viii.
480 2071 515 2108 34:
531 2060 571 2098 finis
581 2063 647 2111 joan.
656 2064 692 2102 xxi.
706 2066 749 2102 12.''

103 2140 172 2180 Nescio
181 2151 219 2190 quo
228 2138 301 2177 tandem
309 2137 348 2176 fato
357 2139 423 2183 evenit,
431 2139 462 2176 sed
471 2149 518 2177 errat
527 2142 607 2191 profecto
617 2145 644 2182 vir
653 2145 767 2189 doctiffimus,
800 2152 802 2156 ’

97 2269 102 2282 ¹
116 2260 161 2292 Conf.
174 2259 237 2290 lllnrslr's
249 2258 342 2291 Transsntion
354 2259 372 2290 of
383 2258 477 2292 Michaeliss
489 2262 593 2294 Introduction
607 2269 622 2294 to
636 2265 662 2295 tlte
675 2265 714 2295 Neu
726 2266 766 2295 Tell.

77 2313 120 2354 cliap.
126 2312 152 2344 vii.
160 2311 194 2342 sect.
201 2321 215 2344 a.
