1773 2749
114 205 126 241 ό
346 209 574 250 PRAEFATIO.

115 321 211 369 “queant
235 321 345 363 Adservatur
354 324 427 374 quidem
437 318 544 363 Viennaein
558 320 671 362 Bibliotheca
680 324 761 361 Caesauea
770 325 804 363 ex-

115 408 128 424 “
138 404 220 454 emplum
231 404 363 448 authenticum,
375 419 385 442 e
399 420 436 456 quo
449 406 537 457 descripta
550 407 586 445 fuit
599 407 637 445 haec
651 408 718 451 Editio,
731 407 804 459 (Codex

116 491 129 506 “
138 486 233 523 Lambecii
247 499 257 523 2
260 487 300 536 58³)
316 488 346 526 sed
358 501 419 525 recens
432 490 463 532 est,
475 503 484 525 a
496 489 555 533 Mose,
565 490 615 539 Sym,
626 489 749 539 patriarchatu
762 490 805 526 An-

116 573 129 589 “
139 566 229 611 tiocheno,
242 569 297 618 patria
310 570 431 613 Meredinenfi
444 579 541 614 exaratum,
554 583 590 623 quo
602 579 684 621 tempore
697 570 803 607 Editionem

114 654 127 670 “
136 649 273 687 meditaretur.”

139 731 191 767 idem
204 745 258 781 porro
266 732 352 776 Adserus,
363 736 424 771 exaesa
437 735 512 771 demum
520 734 617 771 collatione
627 734 691 770 veteris
701 734 743 770 MS.
754 733 802 782 Syri-

113 812 147 855 aci,
157 811 196 849 haec
209 813 276 850 habet:
291 821 304 837 “
315 816 420 865 Optandum
433 815 476 853 esset
489 825 510 853 ut
522 825 564 865 tum
576 814 612 858 hic,
621 823 661 851 tum
671 815 702 851 alii
711 815 804 851 Vetfionis

113 899 125 916 “
135 895 211 944 Syriacae
224 896 295 942 codices
308 898 378 947 antiqui
390 897 493 947 diligentius
503 897 636 939 conferrentur,
643 904 661 932 et
670 908 727 933 novus
737 895 802 932 deinde

112 981 125 997 “
134 977 269 1026 accuratiorque
278 977 361 1013 ederetur
370 986 465 1013 contextus
475 977 577 1026 Syriacus.¹'

137 1057 270 1095 Celeberrimus
279 1059 324 1095 item
334 1056 462 1096 Griesbachius
470 1059 489 1095 in
498 1058 560 1094 critica
568 1058 598 1095 sua
607 1044 802 1108 EvangeliorumEde

110 1140 161 1174 tione
170 1137 207 1174 fere
216 1141 280 1175 eadem
287 1139 350 1176 habet.
368 1147 381 1164 ‘⁴
391 1140 486 1181 Veffionis,
496 1141 563 1189 inquit2
573 1139 647 1188 Syriacae
659 1152 726 1176 novam
734 1140 800 1176 editio-

112 1226 124 1241 “
133 1233 183 1263 nem,
191 1221 214 1257 ad
228 1221 359 1270 antiquissimos
371 1230 390 1257 et
403 1220 478 1270 optimos
491 1220 563 1256 codices
574 1219 598 1255 ab
611 1220 653 1256 artis
663 1220 733 1257 ‘criticae
741 1221 800 1269 perito

110 1307 124 1336 f‘
133 1301 230 1351 diligenter
239 1302 377 1346 conformatam,
387 1302 504 1340 desideramus
508 1300 533 1338 'J'

136 1383 185 1432 Qin
198 1392 217 1420 et
230 1384 258 1422 el.
268 1384 366 1421 Michaelis
378 1384 409 1421 ille
421 1385 440 1420 in
451 1384 507 1421 literis
522 1382 596 1432 quidem
608 1382 692 1432 Syriacim,
703 1388 729 1419 ut‘
737 1389 800 1419 caetera

107 1472 183 1505 taceam,
192 1473 255 1513 praeter
268 1477 331 1503 omnes
341 1464 373 1501 aevi
382 1464 408 1501 sui
416 1465 486 1505 doetus,
496 1476 537 1499 cum
548 1462 591 1500 effer
604 1463 623 1498 in
632 1462 695 1498 eadem
705 1463 798 1511 opinione,

109 1556 149 1580 rem
158 1543 214 1592 ipsam
224 1544 277 1591 pauiu
286 1542 342 1579 fufius
351 1543 440 1583 uastauit,
449 1542 495 1578 hisce
505 1542 543 1578 fere
552 1543 619 1578 verbis.
639 1549 651 1565 “
659 1542 762 1587 Habemus,
770 1544 799 1580 fa-

89 1652 90 1655 *
109 1632 121 1646 “
132 1632 178 1666 reor,
183 1624 322 1662 Testamentum
328 1624 404 1661 Novum
410 1623 449 1671 jam
455 1622 514 1672 saepius
521 1624 591 1661 editum
598 1624 677 1673 Syriace;
683 1632 701 1661 at
707 1625 798 1663 Versionis

107 1712 120 1735 t‘
130 1705 185 1747 illius,
195 1717 236 1741 cum
245 1713 317 1741 tantum
326 1704 393 1744 hubeat
402 1712 517 1741 momentum
530 1704 552 1756 in
562 1704 619 1740 literis
628 1704 685 1747 sacris,
697 1705 798 1742 etiamnum

108 1786 246 1824 “desideramus
259 1786 370 1828 Edidonem,
384 1790 424 1834 quae
437 1786 458 1822 sit
470 1799 493 1824 ex
506 1786 580 1835 optimis
593 1785 651 1823 Mstis
664 1785 797 1834 diiigentiffime

107 1868 292 1917 “accuratissimeque
307 1867 400 1916 descripta.
422 1866 469 1915 Ipse,
482 1866 500 1900 in
514 1864 566 1906 Curia
578 1863 603 1903 od
611 1865 654 1905 Au„
662 1866 720 1916 Apost.
728 1869 797 1906 ,notavi

107 1956 119 1971 ‘⁶
131 1956 187 1985 errata
200 1947 277 1996 piurima
287 1948 366 1992 istarum,
376 1962 416 1999 quae
427 1962 476 1987 nuuc
488 1950 528 1987 sunt
540 1951 560 1987 in
573 1950 662 1993 manibus,
676 1950 795 1989 Editionum:

106 2036 118 2050 “
128 2041 162 2068 nec
172 2028 241 2070 dubito,
252 2027 301 2077 quin,
311 2028 351 2065 data
360 2030 421 2068 sedulo
430 2044 490 2081 opera,
499 2032 566 2068 confici
575 2031 640 2080 poterit
649 2031 717 2076 Editio,
727 2035 795 2071 caeteris

106 2118 118 2133 “
128 2110 183 2160 longe
192 2110 309 2160 massaritios,
317 2119 336 2147 et
345 2111 428 2147 omnibus
434 2114 514 2150 numeris
522 2120 595 2149 tantum
603 2125 639 2148 non
648 2113 733 2151 absoluta.
752 2116 795 2151 Hoc

105 2199 117 2214 “
127 2199 176 2231 certe
184 2191 213 2231 ,de
225 2190 276 2227 nobis
290 2191 357 2228 meruit
371 2191 427 2228 divini
440 2192 519 2230 Foederis
533 2193 596 2229 Versto
608 2194 692 2231 omnium
703 2196 793 2247 antiquis-

384 2291 390 2304 ²
401 2284 443 2316 Praef.
450 2296 466 2326 p.
473 2285 509 2317 nivi.
