1773 2749
135 212 157 238 22
349 200 580 239 DESCRIPTIO
606 197 609 203 ”

135 315 178 365 (rel.
187 315 235 366 apud
245 315 322 364 Assem.)
337 315 356 352 h.
367 330 384 353 e.
397 317 439 352 “In
456 317 530 369 nomine
546 315 631 358 Domini,
645 315 682 353 Dei
697 322 716 352 et
730 315 827 352 Servatoris

135 404 148 420 “
158 398 214 435 nostri
222 398 265 447 Jesu
275 397 348 440 Christi,
358 410 405 434 anno
418 397 518 434 transitorio
529 398 578 446 (aerae
593 396 691 449 Seleucid)
704 409 779 434 mxxix
790 397 829 443 (vel

136 485 148 501 “
158 479 226 516 Christi
239 478 355 528 Dccxvtll)
369 479 431 516 mense
440 478 471 515 Ab
481 477 581 528 (Augusto)
593 491 616 515 ex
629 479 723 516 voluntate
733 479 768 517 Dei
777 478 828 515 venit

137 567 149 584 “
159 561 181 597 ad
189 561 295 598 visitandum
304 561 357 597 tertia
366 562 406 597 vice
415 547 451 597 hoc
460 560 544 603 castrum,
552 559 574 596 ad
583 557 698 610 Euphratem
707 560 776 602 suumn
785 573 828 596 cum

136 649 150 665 “
160 643 233 692 reliquis
242 643 308 685 castris,
317 642 427 679 beatiffimus
437 650 456 679 et
465 655 475 679 a
484 643 526 679 Deo
537 640 636 678 honoratus
645 649 696 691 pater
705 640 765 677 noster
774 640 828 691 spiri·

136 730 149 746 “
159 725 212 761 tualis
225 723 328 762 Patriarcha
340 724 383 762 Mar
397 724 445 762 Elias
460 738 483 761 ex
495 724 578 761 coenobio
591 724 627 762 Dei
641 724 697 761 Guba
708 723 787 773 Baraja¹3
797 724 829 773 qui

136 812 149 828 “
159 806 227 849 consui,
243 807 341 856 compingi,
357 815 411 856 atque
427 807 506 856 coaptari
521 806 572 856 juffit
586 805 636 843 hunc
650 815 727 857 quatuor
743 807 828 856 Evange÷

137 888 227 924 “uorum
242 887 333 925 sacrorum
348 889 430 925 codicem
445 902 479 938 per
491 889 616 939 presbyterum
629 888 829 944 Bar-chadbeschaham
859 918 862 922 .

134 975 148 991 “
160 970 275 1021 (hm-af.»
289 969 330 1018 με)
342 969 446 1018 syncellum
459 969 554 1004 beatiffimi
567 969 733 1017 ejusdemdomini
744 979 763 1005 et
773 970 829 1019 patris

134 1056 147 1072 “
157 1050 213 1086 nostri
221 1049 331 1092 universalia,
341 1049 452 1086 Patriarchae
463 1050 506 1087 Mar
518 1050 570 1093 Eliae,
580 1050 631 1099 cujus
640 1050 725 1100 precibus
734 1051 828 1088 omnium-

135 1137 147 1153 “
157 1145 193 1180 que
207 1131 309 1168 sanctorum
322 1140 394 1181 patrum
408 1131 438 1180 ipsi
450 1120 536 1168 srmilium
549 1132 600 1168 Deus
615 1131 665 1168 nohis
679 1144 734 1182 opem
747 1131 800 1175 ferat,
810 1140 828 1168 et

136 1212 216 1249 “castro
231 1212 304 1261 ejusque
318 1210 450 1249 habitatoribus
464 1225 485 1249 ac
500 1221 558 1255 terrae,
574 1212 695 1262 onmihusque
710 1214 748 1262 ejus
764 1214 840 1250 incolis¹

137 1300 150 1317 “
158 1294 225 1336 faveat,
234 1292 339 1342 auferatque
347 1292 417 1343 flagella
426 1294 457 1330 irae
465 1293 489 1330 ob
495 1306 558 1344 preces
567 1294 649 1343 Deiparae
658 1294 728 1338 Mariae,
735 1295 754 1330 in
763 1294 827 1331 secula.

136 1382 149 1398 “
158 1377 226 1412 Amen.
250 1376 337 1411 Peccator
349 1383 418 1417 autem,
431 1376 463 1424 qui
476 1374 512 1412 hoc
524 1385 665 1412 monumentum
678 1376 745 1426 posuit,
759 1376 828 1413 iniseri-

134 1457 237 1493 “cordiam
255 1455 372 1505 consequatur
392 1457 411 1492 in
429 1443 458 1493 die
477 1457 545 1505 Judicii
567 1458 651 1507 precihus
670 1459 725 1495 totius
743 1459 827 1496 ecclesiae.

135 1545 148 1561 “
158 1540 225 1574 Amen.
240 1537 320 1572 Arnen.''
661 1514 665 1518 ·

162 1618 225 1655 Tertia
238 1616 340 1667 epigraphe,
351 1617 413 1653 eadem
426 1617 464 1654 fere
478 1619 579 1657 litterarum
588 1620 652 1664 forma,
663 1605 718 1671 vquarn
727 1622 829 1672 praecedens

135 1709 214 1743 exarata,
223 1700 242 1735 in
251 1699 316 1749 pagiua
325 1698 407 1748 sequenti
416 1701 510 1749 reperitur,
520 1701 573 1751 hujus
583 1704 693 1753 argumenti:
705 1705 760 1740 Anno
767 1704 829 1740 transr-

136 1783 183 1819 torio
199 1783 319 1818 Graecoruurn
335 1793 426 1817 mxxxix
445 1781 500 1831 (Chr.
515 1785 648 1835 nccxxvrrr)
664 1785 730 1822 iterum
744 1799 829 1836 compac-

128 1874 175 1900 ,nun
187 1863 238 1900 fuisse
253 1863 302 1899 hunc
318 1863 401 1898 codicem
415 1876 448 1913 per
461 1864 584 1915 presbyterum
598 1866 799 1904 Bar-chadbeschaham
810 1877 829 1904 et

136 1945 259 1996 presbyterum
272 1945 377 1994 Sergunam,
393 1945 454 1981 diebus
472 1945 539 1984 beatiss.
552 1947 661 1984 Patriarchae
676 1949 718 1984 Mar
731 1948 828 1998 Athanasii,

152 2087 157 2102 ³
165 2085 209 2113 Forte
217 2083 282 2113 Castrum
292 2082 345 2120 etiarn,
354 2083 372 2112 de
379 2094 409 2123 quo
416 2083 431 2113 iu
439 2084 519 2125 epigraphe
527 2085 584 2114 codicis
592 2085 672 2126 sequenti&
679 2086 758 2117 Nitrieusrs
766 2089 786 2118 ΙΙ,

151 2137 157 2155 ¹³
166 2134 333 2175 GubaBarajacastruru
340 2134 444 2164 etcoenobium
450 2136 491 2166 estin
496 2136 611 2175 Mesopotamia,
616 2137 634 2166 ad
639 2137 721 2177 Euphratis
726 2139 771 2179 ripum
778 2140 829 2171 sunm:

133 2187 207 2229 Affirmani
213 2185 253 2216 Bibi.
262 2184 322 2214 Orient.
330 2190 367 2213 tour.
373 2184 389 2213 ii.
397 2195 411 2224 p.
418 2193 442 2223 74.
457 2187 482 2216 Ibi
489 2187 575 2227 Maphriaui
581 2188 684 2219 Jacobitarum
691 2190 747 2230 sepeliri
753 2191 828 2222 solebant.

134 2240 174 2270 Ihid.
180 2250 195 2279 p.
201 2239 237 2278 385.
249 2235 318 2277 Synodus
325 2235 347 2265 ibi
354 2242 435 2265 convocata
440 2236 470 2266 fuit
477 2238 530 2267 Seouio
538 2238 558 2268 ri.
565 2245 625 2279 propter
633 2240 676 2270 Probi
684 2247 699 2270 et
706 2242 768 2271 Jounuis
776 2242 829 2273 Ahatia

133 2290 222 2332 apostasium.
242 2287 280 2318 [hid.
288 2298 303 2328 p.
310 2293 334 2326 74.
