1773 2749
276 573 634 652 PnAEnArro¹

86 1016 160 1075 CUM
170 1035 220 1071 inter
232 1034 347 1072 Testamenti
358 1035 411 1072 Novi
419 1034 514 1072 Verfionc’s
522 1034 595 1084 *Syriaca
604 1031 634 1071 illa
643 1030 730 1081 Simplex,
739 1041 781 1079 quoe

86 1119 168 1175 ,ψῃ
178 1115 247 1160 Restziw
258 1124 381 1165 nuncupetur,
387 1116 412 1152 2s1t
423 1114 543 1165 proculdubio
555 1113 683 1163 antiqniffirna,
693 1112 780 1161 proelian-

86 1199 132 1235 tiam
141 1198 179 1247 ejus
188 1197 277 1247 usumque
286 1209 350 1234 omnes
358 1197 434 1247 quidem
446 1196 552 1247 ignoscunt,
558 1195 592 1246 qui
602 1195 645 1232 sunt
654 1195 672 1231 in
679 1193 782 1230 Bibliorum

87 1279 178 1317 Textibus
188 1280 218 1316 vel
227 1280 344 1317 mediocriter
353 1279 431 1317 versati:
445 1280 495 1330 quod
503 1280 585 1330 ejusdem
593 1278 701 1328 exemplaria
706 1277 782 1327 vulgata

85 1373 146 1410 neque
154 1362 202 1398 inter
209 1360 228 1398 se
237 1362 353 1404 conveniant,
362 1374 422 1411 neque
431 1361 466 1397 'tint
475 1362 497 1397 ad
506 1361 563 1398 fidem
571 1362 683 1410 optimorum
689 1359 782 1396 Codicum

86 1441 227 1482 Mss„exarata,
236 1452 281 1476 cum
292 1448 355 1476 tamen
366 1441 388 1476 ad
400 1441 483 1477 Critic'en
495 1441 562 1478 sacram
572 1443 634 1491 magni
643 1441 709 1477 referat
717 1440 782 1476 utrint

87 1519 236 1563 emendatissima,
243 1519 264 1556 id
272 1532 315 1557 vero
328 1519 405 1556 arbitror
419 1521 513 1557 nerninem
525 1521 582 1557 latere
592 1519 640 1571 poffe
648 1520 681 1571 qui
690 1521 708 1556 in
716 1520 782 1564 harum

87 1614 149 1639 rerum
156 1601 219 1639 studiis
228 1601 259 1638 diu
268 1613 288 1646 ac
295 1601 394 1652 diligenter
401 1601 458 1638 fuerit
467 1602 582 1638 exercitatus.

113 1683 176 1720 Verfio
183 1682 225 1720 lraec
231 1682 315 1733 ‘primum
323 1683 372 1733 typis
381 1683 465 1720 mandata
474 1683 500 1720 est
508 1696 519 1720 a
526 1684 565 1720 viro
572 1683 674 1719 dodtiffimo
684 1683 782 1719 Widrnan-

86 1765 153 1808 stadi05
163 1765 195 1814 qui
202 1765 227 1801 A.
236 1765 261 1801 D.
273 1776 279 1801 1
284 1775 320 1814 555
329 1777 370 1808 earn
377 1764 436 1801 edidit
443 1764 526 1807 Viennae,
533 1763 637 1801 charadtere
644 1764 688 1800 ‘sane
697 1764 782 1814 eleganti,

87 1854 106 1883 et
115 1844 206 1895 splendido
215 1845 256 1882 satis
265 1854 354 1895 apparatu.

112 1928 154 1978 Ego
166 1934 229 1963 antem
238 1925 303 1963 dehoc
318 1940 371 1975 opere
380 1927 421 1976 jam
429 1939 467 1964 non
476 1925 531 1963 verba
539 1924 611 1969 faciam,
621 1937 663 1962 curn
673 1926 715 1962 adfit
724 1927 782 1963 Adle-

87 2022 125 2053 rus,
132 2010 181 2046 testis
194 2008 276 2059 profecto
289 2008 377 2059 locuples,
391 2016 410 2044 et
421 2008 480 2057 magis
494 2007 577 2045 idoneus.
604 2009 648 2057 Ejus
657 2016 719 2046 autem
727 2008 782 2045 verba

88 2090 128 2128 haec
136 2084 189 2127 suni:
203 2096 217 2113 “
226 2091 257 2127 Ex
269 2103 305 2140 quo
318 2089 368 2126 fonte
379 2088 459 2125 hauserit
467 2089 621 2127 Widmanstadins
635 2091 728 2140 Syriacum
737 2102 781 2126 con-

89 2177 102 2193 “
110 2171 190 2214 textum,
200 2183 210 2207 e
222 2170 302 2220 pluribus
317 2170 407 2207 codicibus
419 2182 443 2207 an
456 2184 480 2208 ex
490 2172 552 2215 unico,
562 2172 620 2209 veteri
631 2182 654 2208 an
666 2172 741 2212 recenti,
751 2171 780 2206 in-

88 2258 101 2275 “
110 2260 180 2289 certum
192 2252 225 2296 est,
235 2253 267 2289 nifi
281 2266 304 2290 ex
315 2252 357 2295 illis,
366 2252 389 2290 de
402 2253 467 2303 quibus
480 2253 522 2298 dixi,
537 2253 615 2303 vestigiis
628 2253 687 2300 aliqua
700 2243 795 2301 indagari>
